%% This BibTeX bibliography file was created using BibDesk.
%% http://www.cs.ucsd.edu/~mmccrack/bibdesk.html


%% Created for Ken Williams at 2003-03-12 10:56:47 -0600 



@inproceedings{brants:00,
	Year = {2000},
	Url = {citeseer.nj.nec.com/396470.html},
	Title = {Inter-Annotator Agreement for a German Newspaper Corpus},
	Booktitle = {2nd International Conference on Language Resources \& Evaluation},
	Author = {Brants, Thorsten}}

@article{calvo:00,
	Journal = {Intelligent Data Analysis},
	Year = {2000},
	Url = {http://citeseer.nj.nec.com/501370.html},
	Title = {Intelligent Document Classification},
	Number = {5},
	Author = {Calvo, Rafael A. and Ceccatto, H. A.},
	Volume = {4}}

@inproceedings{calvo:01,
	Month = {December},
	Year = {2001},
	Title = {Classifying Financial News with Neural Networks},
	Pages = {6},
	Booktitle = {6th Australasian Document Symposium},
	Author = {Calvo, Rafael A.}}

@inbook{weka:99,
	Year = {1999},
	Url = {http://www.cs.waikato.ac.nz/~ml/weka/book.html},
	Title = {Data Mining: Practical Machine Learning Tools and Techniques with Java Implementations},
	Chapter = {8},
	Edition = {1},
	Pages = {265-320},
	Publisher = {Morgan Kaufmann Publishers},
	Author = {Witten, Ian H. and Frank, Eibe}}

@article{wallace:93,
	Journal = {Machine Learning},
	Year = {1993},
	Title = {Coding Decision Trees},
	Pages = {7-22},
	Author = {Wallace, C. S. and Patrick, John D.}}

@book{salton:89,
	Year = {1989},
	Title = {Automatic Text Processing: The Transformation, Analysis, and Retrieval of Information by Computer},
	Address = {Reading, Pennsylvania},
	Publisher = {Addison-Wesley},
	Author = {Salton, Gerard}}

@inproceedings{rose:02,
	Month = {May},
	Year = {2002},
	Url = {http://about.reuters.com/researchandstandards/corpus/publications.asp},
	Title = {The Reuters Corpus Volume 1 - from Yesterday's News to Tomorrow's Language Resources},
	Pages = {7},
	Booktitle = {3rd International Conference on Language Resources and Evaluation},
	Author = {Rose, Tony G. and Stevenson, Mark and Whitehead, Miles}}

@book{manning:99,
	Year = {1999},
	Url = {http://www-nlp.stanford.edu/fsnlp/},
	Title = {Foundations of Statistical Natural Language Processing},
	Publisher = {The MIT Press},
	Author = {Manning, Christopher D. and Sch{\"u}tze, Hinrich}}

@book{fayad:99,
	Year = {1999},
	Title = {Building Application Frameworks},
	Editor = {Fayad, Mohamed and Schmidt, Douglas C.},
	Publisher = {John Wiley \& Sons}}

@inproceedings{yang:97,
	Year = {1997},
	Url = {citeseer.nj.nec.com/yang97comparative.html},
	Title = {A comparative study on feature selection in text categorization},
	Editor = {Douglas H. Fisher},
	Address = {Nashville, US},
	Local-Url = {/Users/ken/src/tcframe/ref/Yang-Pedersen-1997.ps},
	Pages = {412--420},
	Booktitle = {Proceedings of {ICML}-97, 14th International Conference on Machine Learning},
	Publisher = {Morgan Kaufmann Publishers, San Francisco, US},
	Author = {Yiming Yang and Jan O. Pedersen}}

@book{tufte:86,
	Year = {2001},
	Title = {The Visual Display of Quantitative Information},
	Isbn = {0-961392142},
	Edition = {2},
	Publisher = {Graphics Press},
	Author = {Edward R. Tufte}}

@inproceedings{yang:99,
	Month = {August},
	Year = {1999},
	Url = {citeseer.nj.nec.com/yang99reexamination.html},
	Title = {A re-examination of text categorization methods},
	Address = {Berkley},
	Pages = {42--49},
	Booktitle = {22nd Annual International SIGIR},
	Author = {Yiming Yang and X. Liu}}

@article{sebastiani:02,
	Journal = {ACM Computing Surveys (CSUR)},
	Year = {2002},
	Publisher = {ACM Press},
	Title = {Machine learning in automated text categorization},
	Number = {1},
	Issn = {0360-0300},
	Local-Url = {/Users/ken/src/tcframe/ref/Sebastiani-2002.pdf},
	Pages = {1--47},
	Doi = {http://doi.acm.org/10.1145/505282.505283},
	Author = {Fabrizio Sebastiani},
	Volume = {34}}

@inbook{platt:99,
	Year = {1999},
	Title = {Fast training of support vector machines using sequential minimal optimization},
	Chapter = {12},
	Isbn = {0-262-19416-3},
	Pages = {185--208},
	Publisher = {MIT Press},
	Author = {John C. Platt},
	Book = {Advances in kernel methods: support vector learning}}

@inproceedings{dumais:98,
	Year = {1998},
	Url = {robotics.stanford.edu/users/sahami/papers-dir/cikm98.pdf},
	Title = {Inductive learning algorithms and representations for text categorization},
	Annote = {Naive Bayes, Rocchio, Bayes Nets, SVM and decision trees are experimented. },
	Pages = {148--155},
	Booktitle = {Proc. 7th International Conference on Information and Knowledge Management CIKM},
	Author = {Susan T. Dumais and John Platt and David Hecherman and Mehran Sahami}}

@article{quinlan:89,
	Journal = {Information and Computation},
	Year = {1989},
	Title = {Inferring decision trees using the minimum description length principle},
	Number = {3},
	Issn = {0890-5401},
	Pages = {227--248},
	Publisher = {Academic Press, Inc.},
	Author = {J. R. Quinlan and R. L. Rivest},
	Volume = {80}}

@inproceedings{ng:97,
	Year = {1997},
	Url = {citeseer.nj.nec.com/ng97feature.html},
	Title = {Feature selection, perceptron learning, and a usability case study for text categorization},
	Address = {Philadelphia, US},
	Editor = {Nicholas J. Belkin and A. Desai Narasimhalu and Peter Willett},
	Pages = {67--73},
	Booktitle = {Proceedings of {SIGIR}-97, 20th {ACM} International Conference on Research and Development in Information Retrieval},
	Publisher = {ACM Press, New York, US},
	Author = {Hwee T. Ng and Wei B. Goh and Kok L. Low}}

@book{scholkopf:99,
	Year = {1999},
	Url = {citeseer.nj.nec.com/33565.html},
	Title = {Advances in Kernel Methods -- Support Vector Learning},
	Editor = {Bernhard Sch{\"o}lkopf and Christopher J.C. Burges and Alexander J. Smola},
	Publisher = {MIT Press}}

@inproceedings{lewis:98,
	Year = {1998},
	Url = {citeseer.nj.nec.com/lewis98naive.html},
	Title = {Naive ({B}ayes) at forty: The independence assumption in information retrieval.},
	Address = {Chemnitz, DE},
	Editor = {Claire N{\'{e}}dellec and C{\'{e}}line Rouveirol},
	Number = {1398},
	Pages = {4--15},
	Booktitle = {Proceedings of {ECML}-98, 10th European Conference on Machine Learning},
	Publisher = {Springer Verlag, Heidelberg, DE},
	Author = {David D. Lewis}}

@article{cortes:95,
	Journal = {Machine Learning},
	Year = {1995},
	Url = {citeseer.nj.nec.com/cortes95supportvector.html},
	Title = {Support-Vector Networks},
	Number = {3},
	Pages = {273-297},
	Author = {Corinna Cortes and Vladimir Vapnik},
	Volume = {20}}

@inproceedings{bruce:98,
	Organization = {Association for Computational Linguistics SIGDAT},
	Year = {1998},
	Url = {citeseer.nj.nec.com/bruce98wordsense.html},
	Title = {Word sense distinguishability and inter-coder agreement},
	Month = {June},
	Author = {R. Bruce and J. Wiebe},
	Address = {Granada, Spain},
	Booktitle = {3rd Conference on Empirical Methods in Natural Language Processing (EMNLP-98)},
	Text = {Bruce, R., Wiebe, J. (1998). Word sense distinguishability and inter-coder agreement}}

@article{salton:88,
	Journal = {Information Processing and Management: an International Journal},
	Year = {1988},
	Title = {Term-weighting approaches in automatic text retrieval},
	Number = {5},
	Issn = {0306-4573},
	Pages = {513--523},
	Publisher = {Pergamon Press, Inc.},
	Author = {Gerard Salton and Christopher Buckley},
	Volume = {24}}

@misc{asx:02,
	Year = {2002},
	Url = {http://www.asx.com.au/},
	Title = {{Australian} {Stock} {Exchange} web site. http://www.asx.com.au/},
	Author = {{Australian Stock Exchange Limited ABN}}}

@book{wall:00,
	Year = {2000},
	Title = {Programming Perl},
	Edition = {3},
	Publisher = {O'Reilly and Associates},
	Author = {Larry Wall and Tom Christiansen and Jon Orwant}}

@misc{libsvm,
	Url = {http://www.csie.ntu.edu.tw/~cjlin/libsvm/},
	Title = {{LIBSVM}: a Library for Support Vector Machines (Version 2.36)},
	Author = {Chih-Chung Chang and Chih-Jen Lin}}

@inproceedings{joachims:98,
	Year = {1998},
	Url = {citeseer.nj.nec.com/joachims98text.html},
	Title = {Text categorization with support vector machines: learning with many relevant features},
	Address = {Chemnitz, DE},
	Editor = {Claire N{\'{e}}dellec and C{\'{e}}line Rouveirol},
	Number = {1398},
	Pages = {137--142},
	Booktitle = {Proceedings of {ECML}-98, 10th European Conference on Machine Learning},
	Publisher = {Springer Verlag, Heidelberg, DE},
	Author = {Thorsten Joachims}}

@inproceedings{joachims:99,
	Year = {1999},
	Url = {citeseer.nj.nec.com/joachims99transductive.html},
	Title = {Transductive Inference for Text Classification using Support Vector Machines},
	Address = {Bled, SL},
	Editor = {Ivan Bratko and Saso Dzeroski},
	Pages = {200--209},
	Booktitle = {Proceedings of {ICML}-99, 16th International Conference on Machine Learning},
	Publisher = {Morgan Kaufmann Publishers, San Francisco, US},
	Author = {Thorsten Joachims}}

@book{gamma:95,
	Year = {1995},
	Title = {Design Patterns},
	Publisher = {Addison-Wesley},
	Author = {Erich Gamma and Richard Helm and Ralph Johnson and John Vlissides}}

@book{conway:99,
	Month = {August},
	Year = {1999},
	Title = {Object Oriented Perl},
	Publisher = {Manning Publications Company},
	Author = {Damian Conway}}

@unpublished{bow:96,
	Year = {1996},
	Title = {Bow: A toolkit for statistical language modeling, text retrieval, classification and clustering},
	Author = {Andrew Kachites McCallum},
	Note = {http://www.cs.cmu.edu/~mccallum/bow}}

@book{mitchell:97,
	Year = {1997},
	Title = {Machine Learning},
	Publisher = {McGraw-Hill},
	Author = {Tom M. Mitchell}}

@article{tumer:98,
	Journal = {Connection Science},
	Year = {1996},
	Title = {Error correlation and error reduction in ensemble classifiers},
	Month = {December},
	Number = {3},
	Pages = {385-404},
	Author = {Kagan Tumer and Joydeep Ghosh},
	Volume = {8}}

@article{porter:80,
	Journal = {Program},
	Year = {1980},
	Title = {An algorithm for suffix stripping},
	Number = {3},
	Pages = {130-137},
	Author = {M.F. Porter},
	Volume = {14}}

@book{rijsbergen:79,
	Year = {1979},
	Title = {Information Retrieval, 2nd edition},
	Edition = {2},
	Publisher = {Butterworths},
	Author = {Van Rijsbergen, C. J.}}

@article{williams:02,
	Journal = {7th Australasian Document Computing Symposium},
	Year = {2002},
	Title = {A Framework for Text Categorization},
	Author = {Ken Williams and Rafael A. Calvo}}

@article{calvo:02,
	Journal = {7th Australasian Document Computing Symposium},
	Year = {2002},
	Title = {Automatic Categorization of Announcements on the Australian Stock Exchange},
	Author = {Rafael A. Calvo and Ken Williams}}

@article{granlund:99,
	Journal = {HCI 9th International Conference on Human-Computer Interaction},
	Year = {1999},
	Title = {A pattern-supported approach to the user interface design process},
	Month = {August},
	Author = {{\AA}sa Granlund and Daniel Lafi{\`e}re and David A. Carr}}

@inproceedings{yang:01,
	Year = {2001},
	Title = {A Study on Thresholding Strategies for Text Categorization},
	Booktitle = {SIGIR},
	Author = {Yiming Yang}}

@article{salton:91,
	Journal = {Science},
	Year = {1991},
	Title = {Developments in automatic text retrieval},
	Number = {253},
	Pages = {974--979},
	Author = {Gerald Salton}}

@book{rumbaugh:91,
	Year = {1991},
	Title = {Object-oriented modeling and design},
	Isbn = {0-13-629841-9},
	Publisher = {Prentice-Hall, Inc.},
	Author = {James Rumbaugh and Michael Blaha and William Premerlani and Frederick Eddy and William Lorensen}}

@article{fayad:97,
	Journal = {Communications of the ACM},
	Year = {1997},
	Doi = {http://doi.acm.org/10.1145/262793.262798},
	Title = {Object-oriented application frameworks},
	Number = {10},
	Issn = {0001-0782},
	Pages = {32--38},
	Publisher = {ACM Press},
	Author = {Mohamed Fayad and Douglas C. Schmidt},
	Volume = {40}}

@article{blaha:88,
	Journal = {Communications of the ACM},
	Year = {1988},
	Doi = {http://doi.acm.org/10.1145/42404.42407},
	Title = {Relational database design using an object-oriented methodology},
	Number = {4},
	Issn = {0001-0782},
	Pages = {414--427},
	Publisher = {ACM Press},
	Author = {Michael R. Blaha and William J. Premerlani and James E. Rumbaugh},
	Volume = {31}}

@misc{drmath,
	Url = {http://www.mathforum.org/dr.math/},
	Title = {{Ask} {Dr.} {Math} web site. http://www.mathforum.org/dr.math/},
	Author = {The Math Forum}}

@book{jacobson:92,
	Year = {1992},
	Title = {Object-Oriented Software Engineering: A Use Case Driven Approach},
	Publisher = {Addison-Wesley Pub Co},
	Author = {Ivar Jacobson}}

@book{booch:98,
	Year = {1998},
	Title = {The Unified Modeling Language User Guide},
	Publisher = {Addison-Wesley Pub Co},
	Author = {Grady Booch and James Rumbaugh and Ivar Jacobson}}

@book{sag:99,
	Year = {1999},
	Title = {Syntactic Theory: A Formal Introduction},
	Publisher = {Cambridge University Press},
	Author = {Ivan A. Sag and Thomas Wasow}}

@misc{dom,
	Year = {1998},
	Title = {{Document Object Model (DOM) Level 1 Specification}. {http://www.w3.org/TR/REC-DOM-Level-1/}},
	Author = {{World Wide Web Consortium DOM Working Group}}}

@article{dumais:00,
	Journal = {Proceedings of SIGIR 2000},
	Year = {2000},
	Title = {Hierarchical classification of web content},
	Author = {Susan T. Dumais and Hao Chen}}

@article{chakrabarti:98,
	Journal = {VLDB Journal: Very Large Data Bases},
	Year = {1998},
	Url = {citeseer.nj.nec.com/chakrabarti98scalable.html},
	Title = {Scalable Feature Selection, Classification and Signature Generation for Organizing Large Text Databases into Hierarchical Topic Taxonomies},
	Number = {3},
	Pages = {163--178},
	Author = {Soumen Chakrabarti and Byron Dom and Rakesh Agrawal and Prabhakar Raghavan},
	Volume = {7}}

@inproceedings{mccallum:98,
	Year = {1998},
	Url = {citeseer.nj.nec.com/mccallum98improving.html},
	Title = {Improving text classification by shrinkage in a hierarchy of classes},
	Editor = {Jude W. Shavlik},
	Address = {Madison, US},
	Pages = {359--367},
	Booktitle = {Proceedings of {ICML}-98, 15th International Conference on Machine Learning},
	Publisher = {Morgan Kaufmann Publishers, San Francisco, US},
	Author = {Andrew K. McCallum and Ronald Rosenfeld and Tom M. Mitchell and Andrew Y. Ng}}

@inproceedings{koller:97,
	Year = {1997},
	Url = {citeseer.nj.nec.com/koller97hierarchically.html},
	Title = {Hierarchically classifying documents using very few words},
	Editor = {Douglas H. Fisher},
	Address = {Nashville, US},
	Pages = {170--178},
	Booktitle = {Proceedings of {ICML}-97, 14th International Conference on Machine Learning},
	Publisher = {Morgan Kaufmann Publishers, San Francisco, US},
	Author = {Daphne Koller and Mehran Sahami}}

@inbook{joachims:99a,
	Year = {1999},
	Title = {Making Large-Scale SVM Learning Practical},
	Chapter = {11},
	Isbn = {0-262-19416-3},
	Publisher = {MIT Press},
	Author = {Thorsten Joachims},
	Book = {Advances in kernel methods: support vector learning}}

@misc{cpan,
	Year = {2003},
	Title = {{Comprehensive} {Perl} {Archive} {Network}. http://www.cpan.org/},
	Author = {{Various authors}}}

@book{rolsky:02,
	Year = {2002},
	Title = {Embedding Perl in {HTML} with {Mason}},
	Publisher = {O'Reilly and Associates},
	Author = {Dave Rolsky and Ken Williams}}

@article{baker:98,
	Journal = {Proceedings of {SIGIR-98}, 21st ACM International Conference on Research and Development in Information Retrieval},
	Year = {1998},
	Title = {Distributional Clustering of Words for Text Classification},
	Author = {Baker, L. Douglas and Andrew Kachites McCallum}}

@inproceedings{williams:03,
	Month = {August},
	Year = {2003},
	Title = {Automatic Categorization of Questions for a Mathematics Education Service},
	Booktitle = {Proceedings of the 11th International Conference on Artificial Intelligence in Education},
	Author = {Ken Williams and Rafael A. Calvo and David Bell}}

@article{domingos:97,
	Journal = {Machine Learning},
	Year = {1997},
	Title = {On the Optimality of the Simple Bayesian Classifier under Zero-One Loss},
	Number = {2-3},
	Pages = {103-130},
	Author = {Pedro Domingos and Michael Pazzani},
	Volume = {29}}

@inproceedings{yang:94,
	Booktitle = {Proceedings of the 17th Annual International ACM-SIGIR Conference on Research and Development in Information Retrieval. Dublin, Ireland, 3-6 July 1994 (Special Issue of the SIGIR Forum)},
	Year = {1994},
	Bibsource = {DBLP, http://dblp.uni-trier.de},
	Editor = {W. Bruce Croft and C. J. van Rijsbergen},
	Crossref = {DBLP:conf/sigir/94},
	Isbn = {3-540-19889-X},
	Pages = {13-22},
	Title = {Expert Network: Effective and Efficient Learning from Human Decisions in Text Categorization and Retrieval},
	Publisher = {ACM/Springer},
	Author = {Yiming Yang},
	Ee = {db/conf/sigir/Yang94.html}}

@book{scholkopf:02,
	Year = {2002},
	Title = {Learning with Kernels},
	Publisher = {MIT Press},
	Author = {Bernhard Sch{\"o}lkopf and Alex Smola}}

@article{greiff:00,
	Journal = {ACM Trans. on Information Systems},
	Year = {2000},
	Url = {citeseer.nj.nec.com/greiff98maximum.html},
	Title = {The maximum entropy approach and probabilistic {IR} models},
	Number = {3},
	Pages = {246-287},
	Author = {Warren R. Greiff and Jay M. Ponte},
	Volume = {18}}

@book{dibona:99,
	Month = {January},
	Year = {1999},
	Title = {Open Sources: Voices from the Open Source Revolution},
	Editor = {Chris Dibona and Mark Stone and Sam Ockman},
	Edition = {1},
	Publisher = {O'Reilly and Associates}}

@book{raymond:97,
	Year = {1997},
	Title = {The Cathedral and the Bazaar: Musings on Linux and Open Source by an Accidental Revolutionary},
	Publisher = {O'Reilly and Associates},
	Author = {Eric S. Raymond}}

@book{friedl:02,
	Month = {July},
	Year = {2002},
	Title = {Mastering Regular Expressions},
	Edition = {2},
	Publisher = {O'Reilly and Associates},
	Author = {Jeffrey E. F. Friedl}}

@article{pedersen:01,
	Journal = {Proceedings of {SENSEVAL-2}: Second International Workshop on Evaluating Word Sense Disambiguation Systems},
	Year = {2001},
	Title = {Machine Learning with Lexical Features: The {Duluth} Approach to {Senseval-2}},
	Month = {July},
	Author = {Ted Pedersen}}

@inproceedings{mladenic:98,
	Year = {1998},
	Url = {citeseer.nj.nec.com/article/mladenic98feature.html},
	Title = {Feature Subset Selection in Text-Learning},
	Pages = {95-100},
	Booktitle = {European Conference on Machine Learning},
	Author = {Dunja Mladenic}}

@article{johnson:97,
	Journal = {Communications of the ACM},
	Year = {1997},
	Publisher = {ACM Press},
	Title = {Frameworks = (components + patterns)},
	Number = {10},
	Issn = {0001-0782},
	Pages = {39--42},
	Doi = {http://doi.acm.org/10.1145/262793.262799},
	Author = {Ralph E. Johnson},
	Volume = {40}}

@article{wirfs:90,
	Journal = {Communications of the ACM},
	Year = {1990},
	Doi = {http://doi.acm.org/10.1145/83880.84526},
	Title = {Surveying current research in object-oriented design},
	Number = {9},
	Issn = {0001-0782},
	Pages = {104--124},
	Publisher = {ACM Press},
	Author = {Rebecca J. Wirfs-Brock and Ralph E. Johnson},
	Volume = {33}}

@article{demeyer:97,
	Journal = {Communications of the ACM},
	Year = {1997},
	Doi = {http://doi.acm.org/10.1145/262793.262805},
	Title = {Design guidelines for tailorable frameworks},
	Number = {10},
	Issn = {0001-0782},
	Pages = {60--64},
	Publisher = {ACM Press},
	Author = {Serge Demeyer and Theo Dirk Meijler and Oscar Nierstrasz and Patrick Steyaert},
	Volume = {40}}

@misc{xmlrpc,
	Year = {2003},
	Title = {{XML-RPC Home Page}. {http://www.xmlrpc.com/}},
	Author = {{UserLand Software, Inc.}}}

@misc{soap,
	Year = {2000},
	Title = {{Simple Object Access Protocol (SOAP) 1.1}. {http://www.w3.org/TR/2000/NOTE-SOAP-20000508/}},
	Author = {Don Box and David Ehnebuske and Gopal Kakivaya and Andrew Layman and Noah Mendelsohn and Henrik Frystyk Nielsen and Satish Thatte and Dave Winer}}

@inproceedings{buckley:94,
	Year = {1994},
	Url = {citeseer.nj.nec.com/37681.html},
	Title = {Automatic Query Expansion Using {SMART}: {TREC} 3},
	Pages = {0-},
	Booktitle = {Text {REtrieval} Conference},
	Author = {Chris Buckley and Gerard Salton and James Allan and Amit Singhal}}

@article{deerwester:90,
	Journal = {Journal of the American Society of Information Science},
	Year = {1990},
	Url = {citeseer.nj.nec.com/deerwester90indexing.html},
	Title = {Indexing by Latent Semantic Analysis},
	Author = {Scott C. Deerwester and Susan T. Dumais and Thomas K. Landauer and George W. Furnas and Richard A. Harshman},
	Number = {6},
	Pages = {391-407},
	Volume = {41}}